<record><leader>00000cas a2200000 a 4500</leader><controlfield tag="001">12257463</controlfield><controlfield tag="008">850712d18581919miuwr ne      0    0eng c</controlfield><datafield ind1=" " ind2=" " tag="010"><subfield code="a">sn 85026487 </subfield></datafield><datafield ind1=" " ind2=" " tag="040"><subfield code="a">NPX</subfield><subfield code="b">eng</subfield><subfield code="c">NPX</subfield><subfield code="d">MHN</subfield><subfield code="d">OCL</subfield><subfield code="d">UKMGB</subfield><subfield code="d">OCLCQ</subfield><subfield code="d">OCLCF</subfield><subfield code="d">OCLCO</subfield></datafield><datafield ind1="7" ind2=" " tag="016"><subfield code="a">013917140</subfield><subfield code="2">Uk</subfield></datafield><datafield ind1="1" ind2=" " tag="029"><subfield code="a">AU@</subfield><subfield code="b">000012843164</subfield></datafield><datafield ind1=" " ind2=" " tag="042"><subfield code="a">pcc</subfield></datafield><datafield ind1=" " ind2=" " tag="043"><subfield code="a">n-us-mi</subfield></datafield><datafield ind1="0" ind2=" " tag="130"><subfield code="a">Hudson gazette (Hudson, Mich.)</subfield></datafield><datafield ind1="1" ind2="0" tag="245"><subfield code="a">Hudson gazette.</subfield></datafield><datafield ind1=" " ind2=" " tag="260"><subfield code="a">Hudson, Mich. :</subfield><subfield code="b">Wm. T.B. Shermerhorn</subfield></datafield><datafield ind1=" " ind2=" " tag="300"><subfield code="a">v.</subfield></datafield><datafield ind1=" " ind2=" " tag="300"><subfield code="a">Weekly.</subfield></datafield><datafield ind1="0" ind2=" " tag="362"><subfield code="a">Vol. 1, no. 1 (Mar. 26, 1858)- ; - ; - ; -57th yr., no. 52 (Dec. 30, 1915) ; v. 59, no. 1 (Jan. 6, 1916)-</subfield></datafield><datafield ind1=" " ind2=" " tag="500"><subfield code="a">Editor: William T.B. Schermerhorn, &lt;1876&gt;.</subfield></datafield><datafield ind1=" " ind2=" " tag="515"><subfield code="a">Whole numbering designaiton added: Vol. 2, no. 1 (Mar. 25, 1859) = whole no. 53.</subfield></datafield><datafield ind1=" " ind2=" " tag="515"><subfield code="a">Issues also called: Vol. 1, no. 1 (Mar. 26, 1858)-&lt;v. 3, no. 41 (Dec. 28, 1860) = whole no. 145 ; &lt;new ser., v. 4, (Jan. 12, 1861) = whole no. 147&gt;-&lt;v. 12, (Dec. 17, 1869) = whole no. 613&gt; ; &lt;v. 17, no. 18 (May 1, 1874) = whole no. 840&gt;-&lt;v. 32, no. 13 (Mar. 22, 1889) = whole no. 1617)&gt; ; &lt;32nd yr., no. 15 (Apr. 5, 1889)&gt;-57th yr., no. 52 (Dec. 30, 1915) ; v. 59, no. 1 (Jan. 6, 1916)-</subfield></datafield><datafield ind1=" " ind2=" " tag="580"><subfield code="a">Merged with: Hudson post, to form: Hudson post-gazette.</subfield></datafield><datafield ind1=" " ind2="0" tag="651"><subfield code="a">Hudson (Mich.)</subfield><subfield code="v">Newspapers.</subfield></datafield><datafield ind1=" " ind2="0" tag="651"><subfield code="a">Lenawee County (Mich.)</subfield><subfield code="v">Newspapers.</subfield></datafield><datafield ind1=" " ind2="7" tag="655"><subfield code="a">Newspapers.</subfield><subfield code="2">fast</subfield><subfield code="0">(OCoLC)fst01423814</subfield></datafield><datafield ind1=" " ind2="7" tag="651"><subfield code="a">Michigan</subfield><subfield code="z">Hudson.</subfield><subfield code="2">fast</subfield><subfield code="0">(OCoLC)fst01224989</subfield></datafield><datafield ind1=" " ind2="7" tag="651"><subfield code="a">Michigan</subfield><subfield code="z">Lenawee County.</subfield><subfield code="2">fast</subfield><subfield code="0">(OCoLC)fst01211964</subfield></datafield><datafield ind1=" " ind2=" " tag="752"><subfield code="a">United States</subfield><subfield code="b">Michigan</subfield><subfield code="c">Lenawee</subfield><subfield code="d">Hudson.</subfield></datafield><datafield ind1="1" ind2="7" tag="785"><subfield code="t">Hudson post</subfield><subfield code="w">(DLC)sn 85033651</subfield><subfield code="w">(OCoLC)12147229</subfield></datafield><datafield ind1="1" ind2="7" tag="785"><subfield code="t">Hudson post-gazette</subfield><subfield code="w">(DLC)sn 96077055</subfield><subfield code="w">(OCoLC)35451867</subfield></datafield></record>